<?xml version="1.0" encoding="UTF-8"?><collection xmlns="http://www.loc.gov/MARC21/slim"><record><leader>00514nam--2200145-i-4500</leader><controlfield tag="001">000044722</controlfield><controlfield tag="002">20161230</controlfield><controlfield tag="005">20170129003637</controlfield><controlfield tag="008">060222s1000------------r-----000-0-eng-d</controlfield><datafield ind1=" " ind2=" " tag="080"><subfield code="a">624:228.04</subfield></datafield><datafield ind1=" " ind2=" " tag="245"><subfield code="a">Time-saver standards. A manual of essential architectural data for architects, engineers, designers, builders, draftsmen and other technicians. An architectural record book, third edition 1954</subfield></datafield><datafield ind1=" " ind2=" " tag="260"><subfield code="a">New York</subfield><subfield code="b">F.W.Dodge Corp</subfield><subfield code="c">1954</subfield></datafield><datafield ind1=" " ind2=" " tag="300"><subfield code="a">888 p</subfield></datafield><datafield ind1=" " ind2=" " tag="852"><subfield code="a">12661</subfield></datafield><datafield ind1=" " ind2=" " tag="CAT"><subfield code="a">SYS</subfield><subfield code="c">20170129</subfield><subfield code="h">003637</subfield></datafield></record></collection>